<record><leader>00000cas a22000007a 4500</leader><controlfield tag="001">11832604</controlfield><controlfield tag="008">850321d18971914iauzx ne      0    0eng d</controlfield><datafield ind1=" " ind2=" " tag="010"><subfield code="a">sn 85050777 </subfield></datafield><datafield ind1=" " ind2=" " tag="040"><subfield code="a">INP</subfield><subfield code="b">eng</subfield><subfield code="c">INP</subfield><subfield code="d">OCL</subfield><subfield code="d">INP</subfield><subfield code="d">OCLCQ</subfield><subfield code="d">OCLCO</subfield><subfield code="d">OCLCA</subfield></datafield><datafield ind1="1" ind2=" " tag="029"><subfield code="a">AU@</subfield><subfield code="b">000025786857</subfield></datafield><datafield ind1=" " ind2=" " tag="042"><subfield code="a">msc</subfield></datafield><datafield ind1="0" ind2="4" tag="245"><subfield code="a">The I.S.C. student.</subfield></datafield><datafield ind1="3" ind2="0" tag="246"><subfield code="a">Student</subfield></datafield><datafield ind1=" " ind2=" " tag="260"><subfield code="a">Ames, Iowa :</subfield><subfield code="b">Students of Iowa State College,</subfield><subfield code="c">1897-1914.</subfield></datafield><datafield ind1=" " ind2=" " tag="300"><subfield code="a">29 v. :</subfield><subfield code="b">ill.</subfield></datafield><datafield ind1=" " ind2=" " tag="310"><subfield code="a">Issued during the academic year; frequency varies</subfield></datafield><datafield ind1="0" ind2=" " tag="362"><subfield code="a">Vol. 10, no. 1 (July 28, 1897)-v. 39, no. 57 (Apr. 25, 1914).</subfield></datafield><datafield ind1=" " ind2=" " tag="515"><subfield code="a">Vol. 25, no. 13 (Nov. 26, 1906) misnumbered vol. 25, no. 12 (Nov. 19, 1906).</subfield></datafield><datafield ind1=" " ind2=" " tag="515"><subfield code="a">Vol. 35 omitted in numbering.</subfield></datafield><datafield ind1=" " ind2=" " tag="525"><subfield code="a">Issue for Mar. 5, 1912, includes forensics supplement called: The I.S.C. student state oratorical number.</subfield></datafield><datafield ind1="2" ind2=" " tag="710"><subfield code="a">Iowa State College.</subfield></datafield><datafield ind1="0" ind2="0" tag="780"><subfield code="t">Student (Ames, Iowa)</subfield><subfield code="w">(DLC)sn 85050776</subfield></datafield><datafield ind1="0" ind2="0" tag="785"><subfield code="t">Iowa State student</subfield><subfield code="w">(DLC)sn 85050778</subfield></datafield></record>